@MastersThesis{Kilianova,
	author = {Anna Kilianová},
	title = {Typografická úprava knihy Edgara Allana Poea: Podivné příběhy},
	school = {Masarykova univerzita, Fakulta informatiky},
	year = {2012},
	type = {Bakalářská práce},
}

@MastersThesis{Cerny,
	author = {Martin Černý},
	title = {Znakové sady v typografických systémech},
	school = {Mendelova zemědělská a lesnická univerzita v Brně,Fakulta provozně ekonomická, Ústav informatiky},
	year = {1999},
	type = {Diplomová práce},
}

@Misc{Forisek,
	author = {Michal Forišek},
	title = {Základy typografie},
	howpublished = {[online]},
	year = {2005},
	url = {http://portal.ucmeradi.sk/plain.php/typografia.pdf?fetch=100&file=386&hfile=a79c473c5951fea49a470dd272c41def&full=1&lang=1&ident=1&da_show=231},
}

@Misc{Svanda,
	author = {svanda777},
	title = {Lekce 1 - Úvod do LaTeXu},
	howpublished = {[online]},
	year = {2015},
	url = {https://www.itnetwork.cz/software/latex/latex-tutorial-uvod},
}

@Misc{Olsak,
	author = {Petr Olšák},
	title = {nolatex},
	howpublished = {[online]},
	year = {1997},
	url = {http://petr.olsak.net/ftp/olsak/bulletin/nolatex.pdf},
}

@Article{Kutal,
	author = {Ondřej Kutal},
	title = {Tvorba matematické grafiky pomocí programu Asymptote},
	journal = {Zpravodaj Československého sdružení uživatelů TeXu},
	volume = {25},
	number = {1\,--\,2},
	pages = {2\,--\,69},
	year = {2015},
	ISSN = {1211-6661},
}

@Article{Neale,
	author = {Beren Neale},
	title = {Printing excellence},
	journal = {Computer Arts},
	number = {282},
	pages = {35},
	year = {2018},
	ISSN = {1211-6661},
}

@Article{Heller,
	author = {Steven Heller},
	title = {Summer 2017 Special Typography Issue},
	journal = {PRINT Magazine},
	number = {71},
	pages = {38\,--\,57},
	year = {2017},
}

@InBook{Hillner,
	author = {Matthias Hillner},
	title = {Basics Typography 01: Virtual Typography},
	chapter = {1},
	publisher = {AVA Publishing SA},
	address = {Lausanne},
	year = {2009},
	ISBN = {978-2-940373-99-4},
}

@InBook{Felici,
	author = {James Felici},
	title = {The Complete Manual of Typography},
	chapter = {Základní informace},
	publisher = {AVA Publishing SA},
	address = {Lausanne},
	year = {2009},
	ISBN = {978-2-940373-99-4},
}